<record><leader>00000cas a22000007a 4500</leader><controlfield tag="001">10094919</controlfield><controlfield tag="008">831104d19381959ohuwr ne      0    0ita d</controlfield><datafield ind1=" " ind2=" " tag="010"><subfield code="a">sn 83035602 </subfield></datafield><datafield ind1=" " ind2=" " tag="040"><subfield code="a">NPY</subfield><subfield code="b">eng</subfield><subfield code="c">NPY</subfield><subfield code="d">ONP</subfield><subfield code="d">OCLCQ</subfield><subfield code="d">OCLCF</subfield><subfield code="d">OCLCO</subfield><subfield code="d">OCLCQ</subfield></datafield><datafield ind1="0" ind2=" " tag="041"><subfield code="a">ita</subfield><subfield code="a">eng</subfield></datafield><datafield ind1=" " ind2=" " tag="042"><subfield code="a">msc</subfield></datafield><datafield ind1=" " ind2=" " tag="043"><subfield code="a">n-us-oh</subfield></datafield><datafield ind1="0" ind2=" " tag="130"><subfield code="a">Araldo (Cleveland, Ohio : 1938)</subfield></datafield><datafield ind1="1" ind2="2" tag="245"><subfield code="a">L'araldo =</subfield><subfield code="b">The Herald.</subfield></datafield><datafield ind1="3" ind2="1" tag="246"><subfield code="a">Herald</subfield></datafield><datafield ind1=" " ind2=" " tag="260"><subfield code="a">Cleveland, Ohio :</subfield><subfield code="b">L'Araldo Pub. Co.</subfield></datafield><datafield ind1=" " ind2=" " tag="300"><subfield code="a">volumes :</subfield><subfield code="b">illustrations</subfield></datafield><datafield ind1=" " ind2=" " tag="310"><subfield code="a">Weekly</subfield></datafield><datafield ind1=" " ind2=" " tag="336"><subfield code="a">text</subfield><subfield code="b">txt</subfield><subfield code="2">rdacontent</subfield></datafield><datafield ind1=" " ind2=" " tag="337"><subfield code="a">unmediated</subfield><subfield code="b">n</subfield><subfield code="2">rdamedia</subfield></datafield><datafield ind1=" " ind2=" " tag="338"><subfield code="a">volume</subfield><subfield code="b">nc</subfield><subfield code="2">rdacarrier</subfield></datafield><datafield ind1="1" ind2=" " tag="362"><subfield code="a">Began in 1938; ceased in 1959.</subfield><subfield code="z">Cf. Veronesi, G.P. Italian Amers. and their communities in Clev., 1977.</subfield></datafield><datafield ind1=" " ind2=" " tag="500"><subfield code="a">Publisher: L'Araldo Pub. Co., &lt;1942&gt;-Feb. 1, 1952; Louis de Paolo, Mar. 29, 1952-Jan. 16, 1953; L'Araldo Pub. Co., Jan. 23, 1953-&lt;Nov., 1953&gt;.</subfield></datafield><datafield ind1=" " ind2=" " tag="500"><subfield code="a">Editors: Matteo Teresi, &lt;1942&gt;-Jan. 14, 1949; Igino N. Ceraldi, Jan. 21, 1949-Sept. 9, 1949; Annibale F. Verzumo, Sept. 16, 1949-Jan. 16, 1953; C. Ferri, Jan. 30, 1953-&lt;Nov., 1953&gt;.</subfield></datafield><datafield ind1=" " ind2=" " tag="515"><subfield code="a">Vol. 15, no. 1 (Jan. 5, 1951) misdated Dec. 5, 1950.</subfield></datafield><datafield ind1=" " ind2=" " tag="515"><subfield code="a">No issues published Feb. 1-Mar. 28, 1952.</subfield></datafield><datafield ind1="8" ind2=" " tag="521"><subfield code="a">"Italian-American weekly," &lt;1942&gt;-Sept. 8, 1949; May 23-&lt;Nov., 1953&gt;.</subfield></datafield><datafield ind1=" " ind2=" " tag="546"><subfield code="a">In Italian with occasional articles in English.</subfield></datafield><datafield ind1=" " ind2=" " tag="588"><subfield code="a">Description based on: Vol. 5, no. 49 (Dec. 4, 1942).</subfield></datafield><datafield ind1=" " ind2="0" tag="650"><subfield code="a">Italians</subfield><subfield code="z">Ohio</subfield><subfield code="v">Newspapers.</subfield></datafield><datafield ind1=" " ind2="7" tag="650"><subfield code="a">Italians.</subfield><subfield code="2">fast</subfield><subfield code="0">(OCoLC)fst00980750</subfield></datafield><datafield ind1=" " ind2="7" tag="651"><subfield code="a">Ohio.</subfield><subfield code="2">fast</subfield><subfield code="0">(OCoLC)fst01205075</subfield></datafield><datafield ind1=" " ind2="7" tag="655"><subfield code="a">Newspapers.</subfield><subfield code="2">fast</subfield><subfield code="0">(OCoLC)fst01423814</subfield></datafield><datafield ind1=" " ind2=" " tag="752"><subfield code="a">United States</subfield><subfield code="b">Ohio</subfield><subfield code="c">Cuyahoga</subfield><subfield code="d">Cleveland.</subfield></datafield><datafield ind1="1" ind2=" " tag="029"><subfield code="a">AU@</subfield><subfield code="b">000020527892</subfield></datafield></record>